<?xml version='1.0' encoding='utf-8'?>
<record xmlns="http://www.loc.gov/MARC21/slim" xmlns:xsi="http://www.w3.org/2001/XMLSchema-instance">
  <leader>00000nas^a2200361^a^4500</leader>
  <controlfield tag="001">003199385</controlfield>
  <controlfield tag="005">20080825093750.0</controlfield>
  <controlfield tag="008">971215d190819uumiudn^n^a^^^^^0^^^^0fin^d</controlfield>
  <datafield tag="010" ind1=" " ind2=" ">
    <subfield code="a">sn 97070779</subfield>
  </datafield>
  <datafield tag="035" ind1=" " ind2=" ">
    <subfield code="a">(OCoLC)ocm37976961</subfield>
  </datafield>
  <datafield tag="040" ind1=" " ind2=" ">
    <subfield code="a">MHN</subfield>
    <subfield code="c">MHN</subfield>
    <subfield code="d">BEU</subfield>
  </datafield>
  <datafield tag="042" ind1=" " ind2=" ">
    <subfield code="a">lcd</subfield>
  </datafield>
  <datafield tag="245" ind1="0" ind2="0">
    <subfield code="a">Päivälehti</subfield>
    <subfield code="h">[microform].</subfield>
  </datafield>
  <datafield tag="260" ind1=" " ind2=" ">
    <subfield code="a">Calumet, Mich. :</subfield>
    <subfield code="b">Paivalehti Publishing Co.,</subfield>
  </datafield>
  <datafield tag="300" ind1=" " ind2=" ">
    <subfield code="a">v.</subfield>
  </datafield>
  <datafield tag="310" ind1=" " ind2=" ">
    <subfield code="a">Daily</subfield>
    <subfield code="b">Feb. 3, 1914-</subfield>
  </datafield>
  <datafield tag="321" ind1=" " ind2=" ">
    <subfield code="a">Daily (except Mon.)</subfield>
    <subfield code="b">&lt;1908-Dec. 31, 1913&gt;</subfield>
  </datafield>
  <datafield tag="500" ind1=" " ind2=" ">
    <subfield code="a">Description based on: 1 No. (Tammit. 1p. 1908)</subfield>
  </datafield>
  <datafield tag="500" ind1=" " ind2=" ">
    <subfield code="a">Published in Duluth, Minn., Feb. 3, 1914-</subfield>
  </datafield>
  <datafield tag="546" ind1=" " ind2=" ">
    <subfield code="a">In Finnish.</subfield>
  </datafield>
  <datafield tag="651" ind1=" " ind2="0">
    <subfield code="a">Calumet (Mich.)</subfield>
    <subfield code="x">Newspapers.</subfield>
  </datafield>
  <datafield tag="651" ind1=" " ind2="0">
    <subfield code="a">Duluth (Minn.)</subfield>
    <subfield code="x">Newspapers.</subfield>
  </datafield>
  <datafield tag="651" ind1=" " ind2="0">
    <subfield code="a">Houghton County (Mich.)</subfield>
    <subfield code="x">Newspapers.</subfield>
  </datafield>
  <datafield tag="650" ind1=" " ind2="0">
    <subfield code="a">Finnish Americans</subfield>
    <subfield code="z">Michigan</subfield>
    <subfield code="z">Calumet</subfield>
    <subfield code="x">Newspapers.</subfield>
  </datafield>
  <datafield tag="650" ind1=" " ind2="0">
    <subfield code="a">Finnish Americans</subfield>
    <subfield code="z">Minnesota</subfield>
    <subfield code="z">Duluth</subfield>
    <subfield code="x">Newspapers.</subfield>
  </datafield>
  <datafield tag="690" ind1=" " ind2="4">
    <subfield code="a">Newspapers</subfield>
    <subfield code="y">1901-1910</subfield>
    <subfield code="z">Michigan</subfield>
    <subfield code="z">Calumet.</subfield>
  </datafield>
  <datafield tag="690" ind1=" " ind2="4">
    <subfield code="a">Newspapers</subfield>
    <subfield code="y">1911-1920</subfield>
    <subfield code="z">Michigan</subfield>
    <subfield code="z">Calumet.</subfield>
  </datafield>
  <datafield tag="690" ind1=" " ind2="4">
    <subfield code="a">Newspapers</subfield>
    <subfield code="y">1911-1920</subfield>
    <subfield code="z">Minnesota</subfield>
    <subfield code="z">Duluth.</subfield>
  </datafield>
  <datafield tag="752" ind1=" " ind2=" ">
    <subfield code="a">United States</subfield>
    <subfield code="b">Minnesota</subfield>
    <subfield code="d">Duluth.</subfield>
  </datafield>
  <datafield tag="752" ind1=" " ind2=" ">
    <subfield code="a">United States</subfield>
    <subfield code="b">Michigan</subfield>
    <subfield code="c">Houghton</subfield>
    <subfield code="d">Calumet.</subfield>
  </datafield>
  <datafield tag="852" ind1="8" ind2=" ">
    <subfield code="a">MiU-H</subfield>
    <subfield code="b">BENT</subfield>
    <subfield code="h">97143 Bb 2</subfield>
  </datafield>
  <datafield tag="998" ind1=" " ind2=" ">
    <subfield code="c">LAC</subfield>
  </datafield>
  <datafield tag="955" ind1=" " ind2=" ">
    <subfield code="b">BENT</subfield>
    <subfield code="p">B1221799</subfield>
  </datafield>
</record>
